<?xml version="1.0" encoding="UTF-8"?>
<marc:record xmlns:marc="http://www.loc.gov/MARC21/slim" xmlns:xsi="http://www.w3.org/2001/XMLSchema-instance" xsi:schemaLocation="http://www.loc.gov/standards/marcxml/schema/MARC21slim.xsd">
  <marc:leader>00000ndd a2200000 u 4500</marc:leader>
  <marc:controlfield tag="001">300258029</marc:controlfield>
  <marc:controlfield tag="003">DE-633</marc:controlfield>
  <marc:controlfield tag="005">20210923120900.0</marc:controlfield>
  <marc:controlfield tag="008">121101##################################</marc:controlfield>
  <marc:datafield tag="031" ind1=" " ind2=" ">
    <marc:subfield code="a">13</marc:subfield>
    <marc:subfield code="b">1</marc:subfield>
    <marc:subfield code="c">1</marc:subfield>
    <marc:subfield code="g">C+3</marc:subfield>
    <marc:subfield code="m">Discantus (= A)</marc:subfield>
    <marc:subfield code="o">c/</marc:subfield>
    <marc:subfield code="p">1'GF/EF2D1G2A/1GF2GE/1FE</marc:subfield>
    <marc:subfield code="r">4t</marc:subfield>
    <marc:subfield code="t">Alleluia</marc:subfield>
    <marc:subfield code="2">pe</marc:subfield>
  </marc:datafield>
  <marc:datafield tag="031" ind1=" " ind2=" ">
    <marc:subfield code="a">13</marc:subfield>
    <marc:subfield code="b">1</marc:subfield>
    <marc:subfield code="c">2</marc:subfield>
    <marc:subfield code="g">C+3</marc:subfield>
    <marc:subfield code="m">A</marc:subfield>
    <marc:subfield code="o">c/</marc:subfield>
    <marc:subfield code="p">1.D4C,B/2'C,G2.'D4C/2,B'DEF/DECD1,B'DC/</marc:subfield>
    <marc:subfield code="r">4t</marc:subfield>
    <marc:subfield code="t">Alleluia</marc:subfield>
    <marc:subfield code="2">pe</marc:subfield>
  </marc:datafield>
  <marc:datafield tag="031" ind1=" " ind2=" ">
    <marc:subfield code="a">13</marc:subfield>
    <marc:subfield code="b">1</marc:subfield>
    <marc:subfield code="c">3</marc:subfield>
    <marc:subfield code="g">C+4</marc:subfield>
    <marc:subfield code="m">T</marc:subfield>
    <marc:subfield code="o">c/</marc:subfield>
    <marc:subfield code="p">1,GA'C,AnB'C,BAGAA/</marc:subfield>
    <marc:subfield code="r">4t</marc:subfield>
    <marc:subfield code="t">Alleluia</marc:subfield>
    <marc:subfield code="2">pe</marc:subfield>
  </marc:datafield>
  <marc:datafield tag="031" ind1=" " ind2=" ">
    <marc:subfield code="a">13</marc:subfield>
    <marc:subfield code="b">1</marc:subfield>
    <marc:subfield code="c">4</marc:subfield>
    <marc:subfield code="g">F+4</marc:subfield>
    <marc:subfield code="m">B</marc:subfield>
    <marc:subfield code="o">c/</marc:subfield>
    <marc:subfield code="p">1,G2DF/1CD2,,G,1G2F/GE1FE,,A(A)/</marc:subfield>
    <marc:subfield code="r">4t</marc:subfield>
    <marc:subfield code="t">Alleluia</marc:subfield>
    <marc:subfield code="2">pe</marc:subfield>
  </marc:datafield>
  <marc:datafield tag="031" ind1=" " ind2=" ">
    <marc:subfield code="a">13</marc:subfield>
    <marc:subfield code="b">2</marc:subfield>
    <marc:subfield code="c">1</marc:subfield>
    <marc:subfield code="g">C+3</marc:subfield>
    <marc:subfield code="m">Discantus (= A)</marc:subfield>
    <marc:subfield code="o">c/</marc:subfield>
    <marc:subfield code="p">1'GF/2E1A2G/FE1D2/-ED1G2F/G</marc:subfield>
    <marc:subfield code="t">Ave Maria</marc:subfield>
    <marc:subfield code="2">pe</marc:subfield>
  </marc:datafield>
  <marc:datafield tag="031" ind1=" " ind2=" ">
    <marc:subfield code="a">13</marc:subfield>
    <marc:subfield code="b">2</marc:subfield>
    <marc:subfield code="c">2</marc:subfield>
    <marc:subfield code="g">C+3</marc:subfield>
    <marc:subfield code="m">A</marc:subfield>
    <marc:subfield code="o">c/</marc:subfield>
    <marc:subfield code="p">2.,B4'C2D4,AB/2.'C4D1E2D1,A2G</marc:subfield>
    <marc:subfield code="t">Ave Maria</marc:subfield>
    <marc:subfield code="2">pe</marc:subfield>
  </marc:datafield>
  <marc:datafield tag="031" ind1=" " ind2=" ">
    <marc:subfield code="a">13</marc:subfield>
    <marc:subfield code="b">2</marc:subfield>
    <marc:subfield code="c">3</marc:subfield>
    <marc:subfield code="g">C+4</marc:subfield>
    <marc:subfield code="m">T</marc:subfield>
    <marc:subfield code="o">c/</marc:subfield>
    <marc:subfield code="p">1,GAA/'C,AB'C,BAGAA/</marc:subfield>
    <marc:subfield code="t">Ave Maria</marc:subfield>
    <marc:subfield code="2">pe</marc:subfield>
  </marc:datafield>
  <marc:datafield tag="031" ind1=" " ind2=" ">
    <marc:subfield code="a">13</marc:subfield>
    <marc:subfield code="b">2</marc:subfield>
    <marc:subfield code="c">4</marc:subfield>
    <marc:subfield code="g">F+4</marc:subfield>
    <marc:subfield code="m">B</marc:subfield>
    <marc:subfield code="o">c/</marc:subfield>
    <marc:subfield code="p">1,ED2C2.,,A4B2,C/DC1,,B2A,A</marc:subfield>
    <marc:subfield code="t">Ave Maria</marc:subfield>
    <marc:subfield code="2">pe</marc:subfield>
  </marc:datafield>
  <marc:datafield tag="040" ind1=" " ind2=" ">
    <marc:subfield code="a">DE-633</marc:subfield>
  </marc:datafield>
  <marc:datafield tag="041" ind1="0" ind2=" ">
    <marc:subfield code="a">lat</marc:subfield>
  </marc:datafield>
  <marc:datafield tag="100" ind1="1" ind2=" ">
    <marc:subfield code="a">Sebastian z Felsztyna</marc:subfield>
    <marc:subfield code="d">1490a-1543p</marc:subfield>
    <marc:subfield code="j">Verified</marc:subfield>
    <marc:subfield code="0">pe30096436</marc:subfield>
  </marc:datafield>
  <marc:datafield tag="240" ind1="1" ind2="0">
    <marc:subfield code="a">Alleluia ave Maria</marc:subfield>
    <marc:subfield code="m">V (4)</marc:subfield>
    <marc:subfield code="r">4t</marc:subfield>
    <marc:subfield code="0">3911891</marc:subfield>
  </marc:datafield>
  <marc:datafield tag="245" ind1="1" ind2="0">
    <marc:subfield code="a">[Discantus:] Sebastiani Felstin All[elui]a ad Rorate cum Prosa</marc:subfield>
  </marc:datafield>
  <marc:datafield tag="300" ind1=" " ind2=" ">
    <marc:subfield code="a">4 partbooks</marc:subfield>
    <marc:subfield code="c">21 cm x 27,5 cm</marc:subfield>
    <marc:subfield code="8">01</marc:subfield>
  </marc:datafield>
  <marc:datafield tag="500" ind1=" " ind2=" ">
    <marc:subfield code="a">[pl-text: W partiach A, T, B alternatywne wersje tytułów, kolejno "Felstin Alla ad Rorate", "Sebastiani Felstin Alleluia" i "Ad Rorate Alleluia Felstin Pro Pa[s]chali T[em]pore. Cum Prosa".]</marc:subfield>
  </marc:datafield>
  <marc:datafield tag="500" ind1=" " ind2=" ">
    <marc:subfield code="a">The copy of the part-B sign.Mus.I.2c (old sign.Ch.74/2)</marc:subfield>
  </marc:datafield>
  <marc:datafield tag="590" ind1=" " ind2=" ">
    <marc:subfield code="a">Discantus, A, T, B</marc:subfield>
    <marc:subfield code="b">f.42v-43r, 35v, 34r, 33r</marc:subfield>
    <marc:subfield code="8">01</marc:subfield>
  </marc:datafield>
  <marc:datafield tag="593" ind1=" " ind2=" ">
    <marc:subfield code="a">Manuscript copy</marc:subfield>
    <marc:subfield code="8">01</marc:subfield>
  </marc:datafield>
  <marc:datafield tag="594" ind1=" " ind2=" ">
    <marc:subfield code="b">A</marc:subfield>
    <marc:subfield code="c">1</marc:subfield>
  </marc:datafield>
  <marc:datafield tag="594" ind1=" " ind2=" ">
    <marc:subfield code="b">T</marc:subfield>
    <marc:subfield code="c">2</marc:subfield>
  </marc:datafield>
  <marc:datafield tag="594" ind1=" " ind2=" ">
    <marc:subfield code="b">B</marc:subfield>
    <marc:subfield code="c">1</marc:subfield>
  </marc:datafield>
  <marc:datafield tag="594" ind1=" " ind2=" ">
    <marc:subfield code="a">A, T (2), B</marc:subfield>
  </marc:datafield>
  <marc:datafield tag="599" ind1=" " ind2=" ">
    <marc:subfield code="b">full</marc:subfield>
  </marc:datafield>
  <marc:datafield tag="650" ind1="0" ind2="7">
    <marc:subfield code="a">Versus alleluiatici</marc:subfield>
    <marc:subfield code="0">3005779</marc:subfield>
  </marc:datafield>
  <marc:datafield tag="657" ind1=" " ind2="7">
    <marc:subfield code="a">Tempore Paschali</marc:subfield>
    <marc:subfield code="0">24412</marc:subfield>
  </marc:datafield>
  <marc:datafield tag="691" ind1=" " ind2="7">
    <marc:subfield code="a">Głuszcz-ZwolińskaW 1972</marc:subfield>
    <marc:subfield code="0">lit2816</marc:subfield>
  </marc:datafield>
  <marc:datafield tag="691" ind1=" " ind2="7">
    <marc:subfield code="a">MwDK 1964</marc:subfield>
    <marc:subfield code="0">lit2257</marc:subfield>
  </marc:datafield>
  <marc:datafield tag="700" ind1="1" ind2=" ">
    <marc:subfield code="a">Copyist F</marc:subfield>
    <marc:subfield code="j">Ascertained</marc:subfield>
    <marc:subfield code="0">pe30096985</marc:subfield>
    <marc:subfield code="4">scr</marc:subfield>
    <marc:subfield code="8">01</marc:subfield>
  </marc:datafield>
  <marc:datafield tag="773" ind1="1" ind2="8">
    <marc:subfield code="w">300258016</marc:subfield>
  </marc:datafield>
  <marc:datafield tag="852" ind1=" " ind2=" ">
    <marc:subfield code="a">PL-Kk</marc:subfield>
    <marc:subfield code="e">Archiwum i Biblioteka Krakowskiej Kapituły Katedralnej</marc:subfield>
    <marc:subfield code="x">ks30002080</marc:subfield>
    <marc:subfield code="c">Kk.I.2</marc:subfield>
    <marc:subfield code="p"/>
    <marc:subfield code="q"/>
    <marc:subfield code="u"/>
    <marc:subfield code="z"/>
  </marc:datafield>
  <marc:datafield tag="980" ind1=" " ind2=" ">
    <marc:subfield code="a">RISM</marc:subfield>
    <marc:subfield code="c">examined</marc:subfield>
  </marc:datafield>
</marc:record>
